@article{CourantFischer,
  title={The monotonicity theorem, Cauchy's interlace theorem, and the Courant-Fischer theorem},
  author={Ikebe, Yasuhiko and Inagaki, Toshiyuki and Miyamoto, Sadaaki},
  journal={American Mathematical Monthly},
  pages={352--354},
  year={1987},
  publisher={JSTOR}
}

@inproceedings{BenczurKarger,
  title={Approximating st minimum cuts in $\tilde{O}(n^2)$ time},
  author={Bencz{\'u}r, Andr{\'a}s A and Karger, David R},
  booktitle={Proceedings of the twenty-eighth annual ACM symposium on Theory of computing},
  pages={47--55},
  year={1996},
  organization={ACM}
}

@article{TheSurvey,
  title={Spectral sparsification of graphs: theory and algorithms},
  author={Batson, Joshua and Spielman, Daniel A and Srivastava, Nikhil and Teng, Shang-Hua},
  journal={communications of the acm},
  volume={56},
  number={8},
  pages={87--94},
  year={2013},
  publisher={ACM}
}
